2559 4275
2097 301 2140 367 3

422 481 674 549 Traite‘.
761 478 1157 565 Supersedeo
1198 477 1405 561 ampla
1460 480 1805 563 scripturae
1859 482 2136 566 descrip.

410 588 588 648 tione
630 583 733 645 vel
774 578 1074 643 facsimili
1114 577 1441 655 faciendo,
1485 581 1682 659 quum
1723 578 1934 640 omnia
1976 600 2136 662 quae

411 683 718 766 exemplis
776 689 837 741 et
896 676 1415 762 explicationibus
1482 677 1754 738 editores
1797 679 2135 760 Fragmen-

408 792 628 845 torum
690 781 1146 843 theotiscorum
1202 797 1404 860 nuper
1462 773 1870 838 Vindobonae
1925 799 2137 861 reper-

413 893 628 945 torum
671 883 748 943 de
787 900 1047 942 suorum
1073 878 1378 939 foliorum
1412 877 1616 939 literis
1648 877 2015 955 docuerunt,
2059 879 2136 940 de

412 985 617 1045 nostri
687 1000 939 1063 quoque
1013 978 1248 1040 codicis
1318 978 1629 1059 scriptura
1701 978 1866 1039 dicta
1935 978 2140 1041 videri

411 1084 680 1166 possint.
764 1082 938 1143 Adde
994 1087 1206 1140 tamen
1263 1079 1515 1141 literam
1559 1077 1628 1161 L
1668 1088 1802 1142 =t
1857 1082 1926 1143 in
1978 1100 2137 1143 voce
2233 1079 2237 1085 ’

410 1183 748 1266 fyrodhant
787 1181 959 1257 XIV,
1011 1199 1066 1254 a,
1111 1174 1194 1245 14
1238 1178 1349 1257 (cf.
1385 1179 1630 1244 Mabill.
1663 1182 1732 1245 P.
1762 1175 1888 1247 349
1915 1199 2141 1242 vocem

412 1288 680 1364 possunt
746 1280 818 1338 in
884 1277 1185 1339 fascimili
1236 1284 1331 1339 xex
1396 1279 1718 1340 Gennadio
1785 1277 2143 1341 corbeiensi

414 1400 604 1461 quem
650 1379 817 1438 circa
860 1399 1088 1438 annum
1136 1397 1187 1437 s.
1233 1379 1357 1444 700
1400 1386 1714 1440 exaratum
1774 1381 2009 1452 censet)
2077 1387 2141 1441 et

416 1477 882 1539 abbreviaturas
927 1475 992 1556 ’Π
1015 1522 1033 1551 ,
1077 1471 1160 1542 ‘m
1181 1500 1278 1540 z
1317 1496 1394 1536 an
1414 1522 1433 1553 ‚
1488 1499 1589 1537 am
1653 1497 1805 1559 quas
1845 1500 1975 1540 non
2014 1479 2141 1541 nisi

414 1580 484 1639 in
526 1565 849 1639 ‘codicibus
895 1584 955 1638 et
997 1570 1445 1658 diplomatibus
1473 1578 1927 1658 Merovingicis
1967 1578 2138 1639 inve-

414 1679 553 1739 nire
599 1677 881 1738 memini.
966 1674 1174 1758 Quam
1204 1674 1286 1736 ob
1315 1694 1452 1735 rem
1479 1674 1641 1734 mihi
1669 1676 1924 1757 quidem
1953 1676 2139 1738 initio

410 1776 616 1839 seculi
681 1777 885 1838 octavi
940 1777 1006 1836 in
1078 1775 1281 1837 Gaffia
1345 1776 1633 1851 (fortasse
1675 1776 2017 1855 Aureliani,
2083 1779 2139 1840 si

416 1869 729 1939 canticum
772 1875 933 1937 illud
973 1877 1043 1936 in
1082 1874 1254 1936 beati
1295 1875 1523 1935 Auiani
1571 1874 1842 1956 gloriam
1881 1897 1999 1959 pro
2044 1898 2138 1938 ar·

414 1982 717 2057 gumento
759 1973 991 2035 habere
1032 1992 1161 2034 non
1202 1978 1488 2049 recusas),
1541 1976 1738 2036 codex
1791 1984 2009 2037 noster
2046 1977 2138 2038 vi·

412 2073 604 2137 detur
659 2081 940 2136 exaratus
1011 2092 1187 2149 esse3
1249 2093 1439 2156 quem
1504 2073 1731 2156 quibus
1791 2075 2142 2139 rationibus
2351 2142 2357 2150 ,

412 2174 706 2237 suffultus
761 2175 1194 2242 Lachmannus
1248 2172 1414 2251 (vid.
1472 2173 1668 2236 wilh.
1726 2176 2143 2258 Walternagel

414 2274 835 2337 altdeutsches
875 2272 1202 2333 Lesebuch
1240 2274 1433 2347 xm.)
1478 2293 1657 2336 secus
1690 2296 1759 2336 ac
1791 2276 2142 2338 Grimmius

414 2373 657 2451 (Grani.
692 2374 738 2438 1.
774 2372 945 2434 Edit.
976 2373 1025 2434 Ι,
1070 2373 1136 2434 P.
1165 2372 1317 2442 LII.)
1362 2393 1529 2455 nono
1573 2376 1788 2437 seculo
1832 2377 2140 2459 scriptum

412 2493 552 2536 esse
582 2471 757 2550 velit,
798 2469 983 2554 plane
1009 2469 1250 2545 nescio,
1295 2489 1492 2551 quum
1516 2489 1631 2531 nec
1663 2474 1972 2554 separatio
1998 2494 2138 2536 'ver-

414 2558 645 2645 bus-uin
688 2574 829 2645 (nec
872 2589 943 2631 ea
1001 2568 1236 2650 ubique
1295 2571 1698 2651 exsequitur,
1764 2573 2139 2656 saepiusque

414 2671 700 2754 singulae
740 2670 1017 2755 syllabae
1074 2666 1509 2751 sejunguntur)
1563 2690 1681 2732 nec
1736 2691 1892 2733 usus
1946 2673 2138 2735 inter-

417 2771 830 2854 punctionum
875 2771 1083 2851 (saepe
1127 2769 1206 2829 ad
1245 2767 1513 2853 syllabas
1555 2769 1711 2832 adeo
1754 2756 2139 2855 distinguen-

414 2872 529 2933 das
559 2869 1002 2965 adhibitarurn)
1041 2867 1325 2931 seculum
1353 2876 1575 2943 octavo
1604 2872 1920 2951 posterius
1947 2873 2139 2934 statui
2227 2876 2254 2900 ⁶*

416 2968 630 3050 jubeat
652 3013 670 3046 ,
734 2968 985 3049 linguae
1049 2986 1200 3029 vero
1255 2968 1638 3029 structuram
1695 2991 1885 3052 quam
1926 2972 2136 3034 versio
2203 2980 2208 2987 ‘

419 3069 658 3135 codicis
696 3067 1012 3150 praebeat,
1053 3066 1254 3129 multo
1296 3068 1706 3129 vetustiorem
1763 3090 1902 3132 esse
1944 3092 2204 3154 quam

417 3188 580 3252 quae
622 3168 689 3229 in
729 3166 930 3233 seculi
969 3167 1120 3231 noui
1148 3168 1577 3229 monumentis
1613 3171 1986 3251 reperiatur,
2029 3192 2135 3234 ne·

418 3270 656 3337 minem
695 3267 914 3349 fugiat.
995 3265 1271 3347 Linguae
1314 3268 1739 3329 characterem
1777 3269 2137 3334 describen-

417 3369 569 3431 dum
626 3364 1132 3429 annotationibus
1177 3373 1240 3429 et
1279 3365 1588 3447 glossario
1648 3387 1925 3432 reservo.
2005 3373 2136 3435 Hic

417 3489 499 3530 ne
541 3468 675 3531 sine
716 3465 850 3529 ullo
895 3473 1260 3547 argumento
1301 3466 1790 3531 vetustissimam
1819 3460 1958 3533 es'se
1987 3490 2154 3537 comx

419 3568 691 3645 tendam,
732 3566 887 3630 satis
926 3565 1156 3628 habeas
1197 3566 1300 3629 his
1337 3565 1618 3629 duobus:
1743 3590 1766 3649 χ

1647 3682 1736 3749 1*
