2559 4275
2039 259 2192 376 ,7,

387 497 530 555 eum
576 481 751 553 ’false
812 491 1294 569 interpr-etnam
1341 481 1487 552 'esse
1528 523 1609 535 -—-
1651 493 1828 572 quod
1880 494 2109 561 Isidori

384 598 722 654 tractatum
765 588 983 650 attinet
1022 621 1105 632 -—-
1147 588 1408 652 omnino
1450 587 1939 656 subscribamus.

545 693 972 773 Veruntamen
1030 686 1211 750 nobis
1285 689 1541 769 quidem
1582 691 1761 772 parvi
1800 695 2110 756 momenti

385 798 505 866 est,
542 771 986 850 bene‘malene
1044 788 1383 852 translator
1421 790 1489 850 in
1534 789 1831 872 operibus
1899 793 2109 858 latinis

380 890 871 972 interpretandis·
909 896 1191 950 versatus
1235 889 1340 967 sit,
1381 889 1449 949 id
1491 890 1698 979 solum
1757 901 1972 954 nostra
2012 894 2105 956 in·-

382 999 577 1053 terest
614 1035 633 1069 ‚
697 989 1045 1072 quemlihet
1108 1009 1361 1058 sensum
1399 1034 1419 1065 ‚
1480 989 1717 1069 justum
1771 1013 2114 1074 pravumve

379 1089 597 1172 lingua
633 1090 970 1152 vernacula
1009 1088 1169 1152 bene
1231 1089 1580 1152 reddiderit
1607 1136 1625 1169 ,
1669 1111 1884 1158 necne.
1969 1092 2111 1154 Non

382 1191 742 1272 quaerimus
778 1209 1111 1251 sensumne
1145 1189 1329 1250 docte
1368 1190 1626 1267 eruerit,
1668 1191 1779 1250 sed
1803 1211 1891 1273 ‘an
1934 1192 2109 1254 theo·
2221 1173 2230 1276 ξ

379 1291 537 1351 tisce
577 1291 841 1358 dixerit„
895 1291 1069 1351 Haec
1102 1297 1200 1352 est
1229 1288 1390 1361 laus,
1433 1310 1561 1371 qua
1587 1298 1831 1351 veteres
1860 1298 2113 1354 nostros
2219 1279 2223 1286 ’

379 1387 782 1448 translatores
844 1391 1157 1469 interpres
1225 1389 1456 1452 Isidori
1534 1389 1756 1450 multo
1777 1396 1784 1402 '
1806 1399 2098 1473 praestat.

382 1488 563 1547 Nam.
593 1488 823 1550 caeteri
861 1494 1104 1548 textum
1163 1485 1574 1549 latinum2‘ad
1630 1489 1823 1551 verba
1864 1475 2112 1572 singula

382 1594 765 1670 sequuntur,
832 1607 961 1646 non
1022 1606 1167 1646 raro
1231 1586 1439 1668 ipsam
1480 1587 1940 1650 vocabulorum'
1979 1593 2108 1654 for-

344 1671 361 1680 ‘
380 1689 720 1748 mationem
761 1687 1081 1748 imitantes
1121 1695 1184 1747 et
1226 1706 1460 1768 genera
1497 1687 1654 1749 adeo
1680 1709 2108 1772 numerosque

382 1787 457 1846 ad
500 1785 683 1848 usum
723 1787 987 1847 latinum
1031 1794 1343 1847 mutantes
1370 1830 1389 1864 ,
1431 1786 1520 1846 ita
1561 1794 1633 1847 ut
1673 1798 1918 1852 summa
1957 1810 2103 1872 pru-

382 1887 591 1950 dentia
635 1887 727 1947 et*
752 1887 1316 1968 circumspectione
1372 1886 1492 1946 tibi
1538 1908 1696 1970 opus
1739 1889 1940 1949 sit‘ex
1978 1883 2109 1951 illis

380 2008 591 2047 veram
636 1987 878 2068 antiqui
921 1988 1229 2048 sermonis
1291 1989 1743 2067 grammaticen
1787 1996 1891 2050 aut
1929 2009 2110 2050 veras

380 2085 718 2149 verborum
759 2087 1171 2148 formationes
1215 2094 1276 2148 et
1345 2086 1832 2168 significationes
1895 2089 2111 2171 depre-

378 2186 653 2246 hensuro
678 2230 695 2262 ‚
735 2185 1187 2267 particularum
1233 2193 1441 2271 autem
1484 2188 1580 2247 vis
1641 2195 1703 2248 et
1744 2208 1917 2266 usus,
1960 2209 2108 2249 con-

2134 397 2162 440 J

382 2284 624 2345 secutio
664 2284 1099 2345 verborum-et
1128 2292 1443 2344 structura
1481 2285 1910 2371 periodorum,
1956 2307 2134 2365 num·

380 2382 726 2445 theotiscae
789 2381 1039 2463 linguae
1097 2382 1354 2463 propria
1403 2390 1464 2441 et
1506 2390 1645 2463 apta
1702 2384 1932 2460 fuerit,
1976 2405 2109 2444 om-

380 2480 530 2540 nino
573 2501 703 2540 non
762 2480 1131 2561 comperias.
1218 2481 1446 2540 Noster
1513 2489 1732 2541 contra
1796 2481 2106 2565 interpres

382 2580 849 2660 antiquissimus
905 2600 1220 2661 nunquam
1286 2579 1689 2640 vernaculum
1749 2588 2104 2643 sermonem

379 2678 598 2740 alienis
660 2679 857 2741 frenis
903 2699 1123 2761 capere
1185 2688 1441 2741 conatus
1501 2687 1617 2756 est,
1660 2702 1969 2763 nusquam
2010 2683 2105 2744 in·
2177 2729 2182 2733 -

382 2799 628 2840 cessum
668 2781 998 2862 proprium
1041 2781 1294 2862 linguae
1339 2782 1734 2861 germanicae
1779 2784 1856 2842 ad
1898 2803 2103 2866 exem·

378 2879 516 2960 plar
555 2879 782 2940 latinae
825 2880 1109 2957 mutavit,
1151 2900 1266 2941 nec
1312 2881 1580 2941 alienam
1621 2881 1830 2962 legem
1869 2884 2105 2945 invitae

284 3058 289 3063 Α
377 2977 698 3060 imposuit.
772 2979 1005 3039 Reddit
1034 3000 1230 3039 unum
1259 2979 1636 3040 vocabulum
1669 2981 1935 3060 duobus,
1980 2984 2120 3044 duo·

379 3097 506 3137 uno
527 3119 544 3148 ,
607 3077 842 3138 omittit
902 3076 1163 3138 verbum
1189 3123 1207 3153 ,
1269 3079 1442 3138 addit
1485 3079 1652 3140 aliud
1674 3124 1692 3156 ‚
1753 3081 1883 3140 imo
1924 3082 2124 3163 plura.

381 3175 652 3253 (xv111‚
692 3174 774 3253 b„
820 3178 876 3241 1.
938 3158 1194 3260 beilega
1233 3177 1485 3259 gheistu
1511 3222 1530 3256 ,
1572 3180 1698 3256 111,
1740 3200 1796 3257 a,
1840 3182 1920 3247 1.-
1945 3182 2108 3243 abea-

319 3335 332 3340 ,
381 3274 949 3349 unchilaubendun‚
994 3277 1105 3352 XI,
1146 3274 1214 3354 b,
1258 3279 1356 3343 13.
1402 3277 1545 3359 quis
1573 3278 1695 3338 iste
1724 3280 1859 3356 vir3
1903 3281 2109 3342 huuer

381 3375 466 3434 ist
509 3375 753 3436 dhanne
795 3375 985 3461 dhese
1028 3396 1176 3449 man
1220 3377 1377 3438 dher
1418 3377 1574 3437 dhar
1616 3378 1841 3439 scoldii
1886 3379 2101 3445 chibo-

330 3456 337 3465 ’
383 3492 494 3551 ran
532 3475 848 3550 uuerdan,
893 3482 1008 3537 etc.
1060 3477 1245 3551 etc.)2
1271 3497 1461 3560 unam
1502 3478 1837 3558 periodum
1879 3478 2106 3540 dividit

389 3572 457 3637 in
520 3574 669 3636 duas
738 3574 1050 3653 (xl1‚.b‚
1090 3576 1167 3642 21
1216 3584 1335 3641 etc.
1387 3578 1533 3651 etc.)
1577 3579 2104 3641 ‘constructiones
