2559 4275
1880 3 1981 6 --Ἧ-
2018 3 2077 20 --v
2138 5 2143 6 ⁷

1947 252 2068 321 149

523 441 618 500 Ex
657 437 1120 502 constructione
1158 435 1357 516 igitur
1410 455 1664 497 necesse
1720 446 1816 498 est
1858 437 2065 497 omnis

362 538 605 600 eluceat
642 535 992 598 differentia
1030 533 1538 617 propositionum
1572 535 1972 596 relativarum
2003 544 2066 596 et

358 637 988 708 demonstrativarum
1058 642 1121 695 et
1200 640 1532 715 paupertas
1612 631 2063 696 vocabulorum

360 735 716 796 necessario
756 733 1113 797 libertatem
1156 732 1560 794 construendi
1617 725 1847 794 arctius
1890 753 2064 795 coer-

358 842 481 913 cet,
524 843 629 896 aut
658 872 681 883 -
712 837 767 896 si
807 856 936 895 non
975 833 1158 924 ruina
1201 841 1264 895 et
1308 832 1668 915 depravatio
1686 879 1704 908 ,
1768 834 1881 895 sed
1917 854 2063 916 pro·

355 954 606 1017 gressus
676 944 739 998 et
804 935 1157 996 emendatio
1227 934 1347 995 tibi
1417 934 1701 996 videatur
1766 942 2067 1017 perpetua
2178 1023 2191 1028 ο

353 1035 710 1117 linguarum
755 1033 1162 1096 commutatio
1206 1039 1328 1109 (est
1368 1034 1538 1096 enim
1578 1035 1941 1115 utrumque)
1983 1066 2067 1080 -—-

354 1133 525 1216 quod
582 1132 799 1215 lingua
860 1131 1115 1214 gothica
1181 1152 1309 1198 non
1374 1132 1583 1215 potuit
1650 1132 1777 1195 nisi
1835 1130 2067 1210 majori

352 1231 521 1294 mole
560 1234 909 1293 formarum
951 1232 1299 1314 exprimere
1320 1277 1339 1303 ,
1406 1231 1475 1293 id
1533 1233 1810 1296 francica
1865 1229 2067 1294 seculi

235 1405 241 1418 Ι
353 1332 561 1392 octavi
619 1332 809 1394 modo
868 1330 1241 1413 simpliciori
1297 1340 1359 1392 et
1418 1329 1736 1393 subtiliori
1775 1367 1857 1378 —
1918 1349 2065 1392 con·

353 1429 700 1491 structione
763 1430 906 1490 dico
948 1461 1025 1482 ψ·
1087 1429 1380 1496 obtinuit.
1464 1432 1537 1491 In
1599 1431 2064 1494 constructione

350 1527 612 1590 relativa
675 1526 937 1589 verbum
993 1526 1346 1607 subjectum
1413 1530 1732 1610 sequitur,
1793 1530 1865 1589 in
1918 1550 2065 1589 con-

351 1627 697 1689 structione
740 1626 1227 1688 demonstrativa
1266 1625 1532 1688 verbum
1559 1626 1879 1708 praecedit
1919 1625 2062 1688 suh-

348 1726 604 1806 jectum.
667 1727 969 1809 Exempla
994 1726 1137 1788 vide
1165 1727 1235 1787 in
1262 1727 1597 1808 glossario,
1628 1725 1755 1796 sub¹
1774 1727 2063 1800 dlmnnz,

352 1825 521 1887 dhar
540 1870 560 1900 ‚
602 1825 763 1887 dher
806 1834 926 1890 etc.
1011 1826 1249 1888 Eadem
1289 1826 1508 1909 regula
1547 1827 1710 1889 valet
1747 1828 1816 1889 in
1843 1849 2060 1890 monu-

349 1926 577 1986 mentis
620 1926 1061 2002 alamannicis3
1103 1927 1448 1988 notandum
1487 1935 1697 1989 tamen
1752 1935 1848 1990 est
1899 1928 2060 1993 locis

350 2021 462 2084 ubi
514 2024 610 2085 vis
666 2023 926 2087 relativa
983 2027 1189 2088 forma
1246 2025 1565 2086 exteriori·
1600 2023 2062 2104 conjunctionis

347 2123 629 2187 adverbii
667 2125 771 2188 vel
810 2124 1209 2207 pronominis
1253 2124 1647 2207 exprimitur,
1690 2108 2066 2188 constructi-⁶

349 2242 536 2284 onem
600 2224 676 2284 ad
728 2243 975 2284 morem
1034 2224 1361 2305 gothicum
1421 2244 1556 2286 esse
1617 2223 1904 2287 liberam.
1964 2246 2058 2288 ex.

346 2343 443 2405 gr.
486 2323 694 2404 Musp.
740 2323 821 2388 12
863 2324 1023 2383 dazi
1062 2323 1147 2383 ist
1190 2324 1337 2383 γεῆι
1375 2323 1689 2385 virinlich
1727 2325 1911 2401 ding.
1955 2325 2059 2394 16.
2130 2358 2147 2368 ·

345 2420 501 2483 dari
540 2421 627 2481 ist
654 2422 747 2503 lip
778 2441 902 2483 ano
933 2424 1061 2486 tod.
1138 2422 1265 2484 Hic
1311 2423 1694 2491 constructio
1736 2431 2070 2506 tamquam'

345 2522 415 2581 in
451 2521 992 2629 propositionibus
1034 2522 1541 2584 demonstrativis
1568 2523 1716 2605 quia
1744 2544 1872 2586 non
1903 2545 2061 2610 opus

347 2627 446 2683 est
475 2622 942 2684 constructione
972 2622 1050 2683 ad
1079 2622 1545 2706 exprimendam
1574 2623 1704 2686 vim
1734 2625 2060 2690 relativam

345 2718 580 2801 quippe
625 2740 780 2800 quae
819 2722 889 2782 in
930 2723 1107 2801 ᾱατί,
1150 2723 1305 2785 dari
1345 2724 1551 2784 forma
1591 2724 1727 2806 ipsa
1769 2725 1920 2787 satis
1959 2726 2055 2787 in-

345 2818 546 2900 signis
588 2816 689 2878 sit.
777 2817 917 2899 Qua
957 2824 1198 2884 ratione
1225 2825 1494 2883 fortasse
1536 2823 1883 2903 explicandi
1911 2834 2057 2885 sunt

341 2918 475 2980 loci
520 2918 796 2999 quidam,
846 2915 955 2978 uhi
995 2928 1210 2982 noster
1235 2921 1306 2978 in
1333 2920 1769 3001 propositione
1795 2921 2055 2984 relativa

344 3016 608 3099 verbum
647 3026 945 3100 tanquam
985 3018 1054 3078 in
1092 3016 1523 3099 propositione
1566 3018 2055 3085 demonstrativa

344 3117 732 3179 nominativo
790 3118 1164 3199 anteposuit.
1221 3119 1311 3179 IX
1326 3161 1348 3196 .‚
1390 3139 1425 3179 a
1442 3162 1461 3196 ,
1515 3120 1595 3183 21
1651 3139 1718 3180 so
1760 3139 1949 3180 sama
1985 3142 2054 3201 so

344 3217 669 3295 araughit
730 3216 818 3278 ist
878 3218 1320 3280 undarscheic.
1383 3240 1448 3280 so
1509 3238 1692 3280 sama
1752 3240 1819 3281 so
1848 3259 1857 3267 -
1882 3226 2053 3284 enim

345 3335 664 3398 nunquam
705 3316 1262 3379 demonstrativum
1311 3336 1449 3379 esse
1489 3324 1717 3399 potest.
1776 3320 1826 3396 1,
1869 3340 1926 3398 a,
1967 3321 2055 3386 20

346 3433 439 3474 nu
479 3436 545 3477 so
587 3416 672 3478 ist
713 3415 987 3495 chiruni,
1031 3419 1204 3483 dum.
1287 3417 1442 3478 Vice
1464 3434 1662 3489 ‘versa
1712 3418 2051 3502 propositi-

351 3533 501 3577 ones
557 3516 1106 3583 demonstrativae„
1135 3515 1454 3581 interdum
1516 3526 1861 3607 sequuntur
1902 3536 2049 3580 con-
