2559 4275
378 273 395 314 t
446 292 479 356 4

610 453 667 524 1.
755 456 978 517 Versio
1009 464 1233 530 nostra
1295 474 1488 535 aeque
1534 476 1602 516 ac
1648 456 1920 528 Heronis,
1962 458 2174 522 versio

420 553 877 617 ·interlinearis
921 556 1173 637 regulae
1226 555 1564 618 Benedicti
1591 563 1673 628 ⁴et
1705 556 1833 642 talia
1875 559 2179 638 quaedam

456 656 665 717 octavi
722 655 921 724 seculi
978 664 1420 732 monumenta,
1488 655 1555 714 in
1599 656 1799 737 capite
1840 656 2178 718 verborum

446 756 663 817 literas
719 757 1097 837 compositas
1163 755 1275 831 hl„
1319 757 1397 816 hr
1423 800 1440 832 ‚
1483 756 1571 815 hu
1602 799 1618 830 ‚
1661 756 1791 814 huu
1815 800 1836 832 .,
1901 778 1935 815 a
1974 756 2180 818 literis

449 853 843 936 simplicibus
888 853 954 929 l,
997 876 1072 930 r,
1114 875 1197 930 n,
1243 876 1327 913 uu
1395 861 1750 914 constanter
1809 854 2179 934 distinguit3

454 974 648 1035 quum
692 953 756 1012 in
803 951 1096 1012 omnibus
1139 954 1295 1028 noni
1338 952 1532 1013 seculi
1567 953 1859 1034 operibus
1888 953 2183 1013 francicis

450 1053 554 1113 vel
598 1052 1000 1112 alamannicis
1043 1050 1260 1112 literae
1320 1053 1702 1131 compositae
1759 1051 1867 1128 hl,
1908 1053 2027 1128 hr,
2071 1052 2180 1130 hu,

455 1152 586 1212 huu
629 1173 757 1212 non
802 1160 1138 1212 occurrant
1179 1150 1412 1232 quippe
1455 1172 1611 1231 quae
1656 1153 1885 1232 spiritu
1926 1151 2182 1213 destitu-

452 1259 552 1313 tae
599 1251 994 1332 simplicibus
1022 1252 1085 1329 -l‚
1126 1273 1189 1327 r,
1226 1273 1292 1327 n,
1336 1272 1420 1310 uu
1464 1257 1752 1332 aequales
1796 1253 1941 1312 sint.

618 1352 677 1413 2.
761 1351 1031 1410 Dativus
1074 1350 1343 1431 pluralis
1404 1351 1590 1410 sicuti
1632 1349 1949 1412 incctavi
1989 1349 2184 1411 seculi

453 1449 878 1511 monumentis
924 1449 1108 1532 litera
1151 1471 1216 1536 m
1249 1456 1608 1524 constanter
1635 1449 2031 1524 terminatur,
2074 1447 2185 1509 ubi

455 1569 692 1611 nonum
736 1549 1019 1610 seculum
1060 1571 1103 1608 n
1150 1549 1397 1610 literam
1441 1546 1720 1628 praebet.

619 1665 813 1723 Dicas
856 1666 1020 1722 sorte
1062 1662 1264 1741 priori
1309 1667 1684 1741 argumento
1749 1661 2185 1741 antiquitatem
2237 1659 2244 1672 “

458 1751 775 1824 nonsatis
816 1761 1094 1844 probari,
1139 1782 1331 1841 quum
1380 1780 1587 1819 sermo
1619 1761 1947 1827 saxonicus
1988 1779 2186 1841 usque

463 1863 533 1922 in
575 1883 809 1921 nonum
858 1861 1140 1923 seculum
1184 1861 1444 1922 eandem
1489 1860 1958 1924 distinctionem
1999 1863 2187 1922 firme

460 1961 831 2036 retinuerit3
863 1959 1221 2035 dialectum,
1251 1981 1378 2020 non
1409 1968 1669 2020 aetatem
1700 1960 1844 2021 inde
1870 1961 2187 2042 cognosci.

461 2063 754 2137 Attamen
798 2062 1083 2122 confecta
1124 2061 1244 2119 fuit
1287 2060 1495 2124 versio
1563 2060 1793 2122 Isidori
1856 2067 2188 2143 antequam

460 2161 618 2243 ipsis
678 2160 746 2218 in
816 2157 1247 2239 superioribus
1318 2161 1685 2221 Germaniae
1747 2159 2028 2241 partibus
2096 2159 2187 2220 di-

463 2259 722 2322 stinctio
763 2258 876 2320 illa
920 2268 1209 2335 cessaret.
1300 2261 1456 2321 Nam
1495 2259 1563 2320 in
1602 2261 1970 2340 fragmentis
2011 2259 2187 2320 theo-

462 2361 641 2433 tiscis
667 2404 687 2438 ,
733 2358 1143 2423 vindobonae
1182 2360 1451 2441 repertis
1473 2404 1491 2437 ,
1560 2379 1718 2440 quae
1760 2368 2009 2420 nostrae
2050 2378 2188 2429 ver,-

467 2460 664 2522 sionis
703 2460 1041 2542 particulas
1086 2461 1455 2535 continent,
1514 2480 1894 2539 quamquam
1948 2460 2019 2519 in
2062 2458 2191 2519 dia·

466 2560 633 2620 lecto
677 2560 944 2639 quadam
975 2558 1320 2639 superioris
1349 2558 1719 2618 Germaniae
1750 2557 1981 2638 scripta
2011 2547 2189 2633 sum,

472 2677 786 2727 connexus
826 2659 873 2718 h
911 2657 1130 2720 literae
1193 2676 1337 2717 cum
1399 2653 1663 2735 liquidis
1729 2663 1791 2717 ct
1844 2677 1931 2716 uu
1988 2655 2190 2717 literis

468 2762 832 2821 constanter
878 2754 1259 2821 observatur.

642 2869 1000 2951 Quaeritur,
1045 2879 1258 2929 utrum
1302 2869 1530 2930 Isidori
1570 2868 1646 2929 de
1676 2870 1999 2930 nativitate
2028 2878 2193 2931 trac·

471 2978 638 3032 tatus
680 2969 979 3051 primitus
1016 2970 1084 3028 in
1126 2969 1394 3030 dialecto
1434 2971 1928 3050 fragmentorum
1956 2969 2189 3030 Vindo-

476 3068 856 3129 bonensium
896 3066 1208 3128 theotisce
1235 3067 1541 3144 redditus,
1584 3067 1728 3127 inde
1757 3067 1825 3126 in
1853 3067 2191 3129 dialectum

478 3168 717 3229 codicis
747 3166 1114 3229 Parisiensis
1142 3169 1575 3250 transcriptus,
1620 3186 1698 3226 an
1727 3175 1944 3228 contra
1982 3168 2190 3229 versio

477 3268 755 3350 primum
792 3267 862 3327 in
919 3252 1122 3329 Gallia
1179 3269 1462 3328 confecta
1486 3310 1505 3345 ‚
1543 3265 1706 3329 ‚inde
1746 3266 1814 3326 in
1856 3265 2193 3327 dialectum

478 3369 980 3449 fragmentorum
1023 3388 1058 3428 a
1113 3368 1420 3448 scriptore
1489 3365 1760 3448 quodam
1821 3364 2190 3453 cisrhenano

482 3475 720 3529 mutata
759 3467 860 3527 sit.
944 3467 1453 3549 Respondemus:
1502 3465 1791 3547 Scriptor
1813 3460 2193 3525 'Parisiensis

485 3565 563 3628 ab
604 3566 787 3629 initio
827 3585 1028 3647 usque
1071 3566 1149 3629 ad
1185 3567 1381 3627 finem
1409 3586 1529 3626 una
1557 3565 1896 3644 eademque
1926 3564 2192 3625 dialecto
