2559 4275
532 280 617 361 50

1156 476 1286 540 Fol.
1332 473 1506 554 XIII,
1546 477 1609 537 b.

535 640 925 704 adbreviatac
966 650 1111 704 sunt
1153 664 1340 727 super
1380 645 1683 728 populum
1723 655 1901 707 tuum
1958 656 2022 708 et
2062 667 2249 731 super

532 747 758 811 urbem
799 733 1075 830 sanctam
1117 759 1288 812 tuam
1308 797 1328 828 ‚
1367 761 1440 813 ut
1479 761 1884 814 consumetur
1932 755 2246 835 praevari-

533 858 734 937 catio,
798 867 862 919 et
915 860 1104 921 finem
1149 860 1418 942 accipiat
1455 868 1780 943 peccatum
1803 904 1822 933 ‚
1865 867 1928 922 et
1969 862 2251 924 deleatur

531 965 828 1048 iniquitas
853 1011 871 1045 ,
938 976 1002 1028 et
1058 968 1398 1028 adducatur
1437 967 1677 1047 justitia
1719 970 2099 1051 sempiterna
2123 1015 2142 1048 ‚
2188 979 2253 1032 et

529 1066 914 1158 impleamssur
946 1075 1111 1136 visio
1155 1083 1220 1136 et
1254 1066 1646 1158 prophetiae)
1667 1084 1730 1136 et
1763 1085 2034 1158 ungatur
2073 1097 2247 1140 sanc-

528 1163 631 1243 tus
673 1192 1049 1246 sanctorum.

648 1293 759 1388 (§.
799 1291 911 1378 6.)
951 1291 1127 1374 Quae
1169 1292 1415 1355 scilicet
1442 1292 1835 1375 septuaginta
1861 1291 2240 1356 ebdomadae

530 1402 586 1464 si
629 1423 664 1464 a
702 1399 988 1487 tempore
1026 1404 1315 1466 Danielis
1355 1411 1821 1483 enumerentur,
1868 1405 2095 1487 procul
2133 1404 2246 1464 du

527 1509 641 1572 bio
679 1512 949 1574 Sanctus
990 1512 1367 1574 Sanctorum
1405 1512 1721 1590 Dominus
1750 1516 1931 1573 Jesus
1961 1512 2248 1573 Christus

529 1621 686 1682 olim
724 1622 971 1684 venisse
1012 1623 1434 1703 cognoscitur.
1457 1592 2248 1700 f'Hebdomada'Qemamque

526 1727 597 1787 in
659 1729 856 1789 sacris
896 1729 1196 1810 xeloquiis
1261 1735 1500 1809 septem
1568 1729 1744 1789 annis
1809 1725 2246 1805 terminantur,

530 1834 776 1897 dicente
818 1834 1101 1896 Domino
1144 1835 1221 1894 ad
1261 1835 1526 1916 Moysen
1549 1855 1569 1893 ε
1640 1835 1860 1908 (Levit.
1905 1836 2010 1910 25)
2055 1817 2243 1896 Num·
2281 1832 2360 1886 νδ

484 2017 497 2020 Α
529 1939 734 2004 erahis
776 1941 894 2003 tibi
937 1949 1176 2023 septem
1235 1939 1612 2002 ebdomadas
1678 1959 1984 2002 annorum
2040 1943 2108 2004 id
2150 1953 2248 2005 est

527 2051 758 2134 septies
820 2059 1061 2133 septem
1086 2094 1105 2129 ,
1169 2070 1329 2132 quae
1387 2048 1578 2111 simul
1618 2050 1855 2110 faciunt
1895 2041 2243 2112 anndffXL

530 2169 596 2231 et
633 2139 799 2237 IXJ*
838 2164 891 2222 A
932 2156 1220 2243 tempore
1284 2160 1495 2241 itaque
1555 2156 1840 2221 Danielis
1898 2160 2240 2242 prophetae

528 2286 729 2351 usque
770 2270 847 2330 ad
885 2288 1181 2350 praesens
1221 2276 1470 2352 tempus
1507 2267 1651 2351 plus

597 2612 706 2664 lin.
748 2614 829 2670 11.
865 2614 1041 2663 dhazs
1080 2612 1402 2665 delendum
1440 2628 1561 2665 esse
1591 2610 1823 2680 punctis
1859 2605 2033 2660 trinis
2063 2623 2237 2677 supra
2277 2583 2291 2599 ⁶

728 2718 792 2760 et
824 2708 984 2761 infra
1019 2707 1232 2778 positis
1266 2708 1590 2761 indicatur.
2019 2763 2038 2777 J

597 2802 705 2862 lin.
744 2807 835 2862 20.
876 2804 1041 2861 iaaro.
1070 2802 1233 2856 intra
1269 2802 1456 2858 lineas
1497 2803 1781 2874 scriptum
1813 2804 2242 2859 scriba.1·t1rsus

728 2900 970 2954 eradere
1008 2899 1217 2961 voluit,
