2559 4275
543 269 628 342 46
1182 371 1195 384 x

1144 505 1155 516 .
1224 449 1357 514 Fol.
1404 452 1489 527 X,
1513 453 1587 510 ’a.

546 634 735 697 quem
780 615 954 677 dedit
1012 614 1305 698 spiritum
1349 633 1553 676 suum.
1637 612 1739 674 De
1781 632 1905 694 quo
1948 612 2258 674 Dominus

544 726 725 784 Jesus
771 724 1056 792 Christus
1097 723 1353 806 propria
1394 727 1553 784 voce
1616 730 1915 784 testatur:
1979 724 2111 800 (Es
2145 723 2258 811 40,

546 830 673 907 125)
717 831 993 912 Spiritus
1049 831 1317 891 Domini
1388 849 1576 913 super
1617 849 1739 891 me.
1743 815 1967 892 ulio
2009 850 2261 912 quoque

544 938 614 997 in
652 936 797 998 loco
842 938 1013 998 idem
1069 940 1260 999 Isaias
1317 945 1518 1000 totam
1575 938 1952 1000 Trinitatem
1990 939 2060 999 in
2101 939 2261 1021 digi-

543 1056 756 1108 torum
798 1067 1062 1107 numero
1121 1047 1659 1129 comprehendens
1679 1092 1699 1125 ‚
1765 1047 1855 1108 sie
1921 1047 2262 1130 praedicat,

546 1156 802 1215 dicens:
850 1151 1011 1234 Quis
1050 1172 1306 1214 mensus
1349 1160 1445 1215 est
1481 1154 1725 1236 pugillo
1786 1174 1976 1235 aquas
2017 1162 2080 1216 et
2121 1175 2262 1216 coe·

543 1259 643 1320 los
685 1259 896 1342 palmo
940 1260 1080 1341 quis
1121 1258 1531 1342 ponderavit?
1615 1259 1776 1343 Quis
1815 1261 2108 1344 appendit
2149 1260 2261 1320 tri-

543 1366 664 1429 bus
730 1367 945 1450 digitis
998 1367 1233 1429 molem
1296 1367 1545 1430 terrae?
1628 1371 1701 1429 In
1763 1369 1967 1432 tribus
2030 1367 2263 1451 quippe

547 1475 764 1557 digitis
804 1475 1114 1557 propheta
1167 1477 1401 1538 trinam
1463 1477 1710 1541 divinae
1770 1471 2264 1557 omnipotentiae

545 1581 986 1664 aequalitatem
1018 1581 1134 1646 suh
1168 1586 1436 1665 quadam
1469 1585 1753 1666 mysterii
1781 1582 1961 1643 lance
1985 1580 2262 1659 libravit,

545 1681 645 1750 et‘
673 1688 985 1772 parilitate
1050 1691 1303 1752 virtutis
1365 1689 1873 1771 cooperationem
1940 1689 2262 1771 potentiae

548 1804 613 1858 et
649 1798 951 1859 unitatem
997 1796 1378 1858 substantiae
1428 1796 1611 1877 (quae
1652 1816 1776 1856 una
1814 1795 2154 1877 eademque
2193 1797 2263 1856 in

545 1905 851 1967 Trinitate
894 1904 1010 1980 est)
1053 1904 1122 1963 in
1161 1901 1365 1965 tribus
1408 1901 1656 1984 digitis
1670 1902 2027 1970 declaravit.

714 2015 772 2090 §.
815 2016 879 2080 ἶ.
958 2010 1148 2090 Cujus
1193 2011 1523 2074 Trinitatis
1561 2011 1930 2095 mysterium

621 2337 724 2390 lin.
763 2345 816 2396 8.
890 2354 1026 2399 utus
1061 2338 1300 2407 legitur.
