2559 4275
477 273 518 335 2

479 453 773 535 egregius
817 451 1048 533 spiritu
1087 457 1306 514 sancto
1365 450 1643 533 repletus
1702 451 2031 513 ecclesiam
2073 450 2196 513 sibi

480 553 782 614 creditam
824 559 1076 612 strenue
1119 550 1507 631 gubernavit.
1591 551 1765 610 Dum
1806 552 2060 631 quidam
2102 572 2196 610 arn

476 654 633 713 tifex
671 670 787 733 per
826 658 991 711 tecta
1033 650 1438 721 discurreret,
1484 649 1723 736 dilapso
1764 651 1923 732 pede
1957 651 2031 710 ad
2072 658 2200 710 ter·

474 773 612 813 ram
671 751 928 812 corruit.
1012 752 1165 809 Mox
1217 750 1318 811 vir
1374 750 1617 809 domini
1687 750 1917 811 vexillo
1993 749 2198 810 crucis

446 870 665 932 ‘super
710 870 852 910 eum
893 849 1243 930 inprimens
1307 849 1617 910 medelam
1680 848 1967 932 corporis
2010 868 2196 929 quam

477 948 815 1031 quaerebat
858 947 1196 1007 obtinuit.“
1284 950 1560 1009 Functus
1617 957 1712 1009 est
1770 955 1977 1009 autem
2016 949 2198 1007 Aenia-

477 1068 593 1108 nus
635 1066 890 1107 munere
935 1047 1218 1127 episcopi
1259 1046 1732 1107 Aurelianensis
1787 1046 1861 1106 ab
1906 1067 2002 1111 an,
2049 1047 2197 1110 Chr.

473 1145 838 1221 391—4583
883 1146 1025 1207 vide
1059 1146 1182 1206 Les
1218 1145 1364 1205 Vies
1396 1148 1507 1207 des
1531 1146 1769 1211 Saints.
1830 1146 2005 1206 Paris
2035 1141 2201 1213 1704
2253 1211 2258 1216 ,

478 1246 593 1309 sub
639 1247 739 1306 die
786 1248 866 1313 17
909 1247 1068 1307 Nov-

452 1455 456 1464 .
642 1379 883 1478 ³Textus
945 1376 1176 1452 latinus
1238 1377 1425 1459 hujus
1493 1379 1569 1440 de
1621 1379 1944 1440 nativitate
1989 1376 2199 1460 operis

475 1495 605 1536 non
663 1497 805 1537 raro
864 1476 959 1537 ab*
1000 1479 1273 1539 editione
1334 1480 1424 1542 du
1473 1478 1673 1540 Breuz
1714 1478 1973 1538 recedit.
2059 1479 2200 1537 Jam

477 1559 877 1637 collationem
919 1577 1208 1638 locorum
1251 1578 1520 1637 maxime
1566 1576 2057 1657 discrepantium
2099 1577 2206 1636 da·

473 1673 704 1735 bimus.
793 1677 940 1758 Cap.
984 1677 1092 1736 ΙΙΙ.
1151 1697 1402 1757 paragr.
1450 1676 1509 1739 7.
1573 1673 1763 1736 verba
1821 1675 2058 1736 codicis
2120 1677 2202 1736 de

454 1791 596 1853 ‘quo
641 1774 718 1833 ad
762 1756 824 1833 et
870 1777 930 1833 τε
972 1767 1152 1835 Deus
1205 1773 1272 1832 in
1335 1773 1609 1833 editione
1675 1772 1917 1853 desunt.
2004 1776 2204 1858 Caput

477 1874 768 1956 quintum
798 1873 1094 1933 editionis
1133 1858 1373 1951 totum‚'
1408 1874 1508 1933 cui
1547 1875 2039 1955 superscriptum
2072 1883 2201 1935 est:

477 1969 668 2055 Quod
726 1994 870 2033 cum
927 1980 1104 2055 patre
1170 1973 1425 2054 genitus
1471 1978 1587 2048 est,
1630 1973 1698 2031 i'n
1742 1973 1958 2034 codice
2002 1974 2228 2054 deest,¹

477 2071 656 2155 cujus
702 2081 886 2156 caput
931 2072 1222 2155 quintum
1266 2072 1564 2133 editionis
1605 2080 1848 2134 sextum
1880 2081 1990 2137 est.
2053 2072 2201 2133 Edi-

471 2174 666 2239 tionis
710 2180 895 2254 caput
937 2172 1276 2252 septimum
1318 2173 1732 2253 inscriptum:
1757 2173 1858 2233 'de
1901 2171 2206 2234 ineffabili

474 2276 732 2337 nomine
785 2277 936 2337 Jesu
998 2273 1337 2355 respondet
1394 2271 1702 2355 capitibus
1748 2272 1985 2334 codicis
2030 2281 2205 2333 sexto

479 2383 542 2438 et
583 2373 852 2457 septimo
898 2380 960 2432 et
1001 2380 1245 2449 octavu,
1292 2393 1563 2455 quorum
1608 2370 1778 2433 tituli
1819 2373 1887 2432 in
1930 2372 2205 2433 editione

477 2462 678 2536 textui
718 2473 938 2535 inserti
980 2468 1293 2554 leguntur.
1381 2474 1454 2532 In
1498 2473 1699 2552 capite
1732 2479 1952 2533 octavo
1985 2471 2204 2532 editio-

477 2573 577 2633 nis
606 2617 626 2648 ‚
695 2593 863 2633 nono
907 2571 1178 2647 codicis,
1236 2572 1404 2630 inter
1463 2570 1840 2651 paragraphi
1901 2570 2206 2630 secundae

477 2671 670 2734 verba
733 2670 1147 2731 suscitandas
1211 2676 1273 2728 et
1317 2670 1399 2728 de
1439 2688 1561 2747 quo
1623 2687 1738 2747 per
1804 2666 2208 2730 Hieremiam

379 2804 386 2833 ;
481 2771 681 2832 codex
746 2768 980 2829 multos
1043 2766 1341 2828 editionis
1398 2786 1618 2829 versus
1683 2768 1938 2830 omittit.
2023 2770 2205 2829 Para-

364 2870 383 2891 *
416 2928 441 2959 μ)
482 2870 761 2952 graphas
818 2866 1036 2949 quinta
1094 2865 1332 2927 codicis
1391 2866 1458 2927 in
1517 2868 1790 2929 editione
1847 2869 2101 2929 tertiam
2144 2875 2208 2928 et

392 3048 395 3055 .
482 2976 770 3051 quartam
816 2967 1055 3028 codicis
1088 2966 1417 3027 antecedit.
1513 2968 1785 3049 Reliqua
1814 2969 2033 3051 capita,
2077 2987 2209 3028 non

481 3067 795 3151 theotisce
837 3065 1103 3143 reddita,
1146 3086 1274 3126 non
1322 3067 1580 3129 contuli.

654 3197 985 3278 Scriptura
1029 3197 1267 3259 codicis
1334 3219 1406 3260 ea
1470 3206 1564 3260 est
1619 3216 1813 3279 quam
1876 3196 2206 3258 Mahillon.

487 3296 994 3373 merovingicam
1052 3297 1369 3379 nominat,
1432 3297 1609 3378 cujus
1672 3295 1954 3378 exempla
2019 3303 2082 3355 et
2136 3314 2212 3383 eq:

467 3392 815 3462 *codicibus
883 3404 946 3457 et
1003 3398 1082 3459 'ex
1145 3397 1536 3460 documentis
1596 3396 1699 3459 vel
1757 3392 2210 3476 diplomatibus

488 3498 817 3580 depromta
852 3495 997 3559 vide
1026 3497 1095 3557 in
1134 3496 1418 3576 ejusdem
1459 3501 1542 3561 de
1581 3515 1655 3557 re
1694 3494 2111 3574 diplomatica
2148 3502 2212 3555 et

372 3623 417 3671 ς.
489 3599 562 3659 in
590 3598 923 3659 amborum
954 3592 1857 3660 fratrum-ordinisBenedicti
1896 3578 2209 3656 Nouueau
