2559 4275
528 299 559 326 l

2091 334 2139 398 -5

344 519 354 524 “
422 503 663 576 utitur3
749 505 1252 569 vindobonensis
1317 519 1521 572 autem
1582 513 1684 574 vel
1745 516 2140 576 Monacensis

421 604 589 664 inter
647 605 797 666 duas
860 606 1159 668 dialectos
1200 609 1505 671 fluctuans
1532 657 1549 683 ,
1612 630 1762 674 mox
1799 613 2138 675 dialectum

423 704 791 767 Parisiensis
854 709 1176 790 sequitur,
1231 715 1379 771 mox
1442 711 1786 774 dialectum*
1822 715 2132 796 quandam

423 821 568 863 cum
612 806 905 867 ·Reronis
983 810 1251 870 maxime
1331 813 1806 874 convenientem
1839 859 1864 900 ²,
1921 815 2012 874 ita
2073 823 2144 875 ut

420 906 491 964 in
549 905 869 987 prioribus
931 908 1106 969 foliis
1164 910 1469 972 dialectus
1527 912 1763 973 codicis
1836 906 2143 974 Pari‘sien-

422 1007 507 1067 sis
532 1049 550 1081 ‚
615 1006 684 1065 in
724 1006 1129 1070 ulterioribus
1187 1011 1459 1071 Heronis
1529 1013 1903 1093 praevaleat.
1988 1015 2140 1075 Inde

360 1105 377 1186 ι’
419 1106 582 1166 mihi
621 1106 878 1188 quidem
924 1117 1164 1169 certum
1208 1124 1329 1186 est,
1361 1105 1723 1171 'versionem
1764 1132 1893 1171 non
1935 1112 2142 1172 solum

419 1213 718 1268 tractatus
763 1209 839 1270 de
881 1210 1225 1287 nativitate,
1269 1211 1381 1271 sed
1423 1210 1611 1271 etiam
1641 1210 1953 1292 evangelii
1982 1213 2143 1272 Mat-

417 1305 586 1397 thaei
629 1313 691 1366 et
735 1316 1123 1369 caeterorum
1167 1310 1427 1371 illorum
1470 1313 1970 1392 fragmentorum
2011 1313 2139 1394 pri-

420 1405 612 1464 mitus
675 1409 1228 1496 confectamsesse
1287 1410 1358 1468 in
1424 1401 1691 1471 dialecto
1757 1412 2144 1472 Francorum

368 1499 377 1518 ¹
422 1502 691 1582 Galliam
719 1502 1170 1580 habitantium3
1213 1505 1358 1566 inde
1417 1509 1816 1589 scriptorem,
1862 1517 1934 1568 ut
1961 1516 2143 1589 put0‚

404 1603 832 1664 ‘Alamannum
873 1603 983 1664 vel·
1016 1602 1421 1685 Bojoarium,
1487 1607 1600 1688 qui
1644 1606 1964 1689 exemplar
2019 1605 2146 1667 sibi

366 1729 369 1736 ·
419 1704 792 1786 descripsit,
849 1704 916 1763 in
958 1704 1224 1766 dialecto
1268 1727 1417 1766 mox
1482 1706 1849 1788 exemplaris
1912 1707 2147 1768 descri-

418 1799 609 1864 bendi
670 1804 1105 1865 auctoritatem
1162 1826 1311 1865 mox
1367 1806 1578 1888 patrui
1615 1795 1954 1904 ¹sermonis
2000 1827 2145 1868 con·
2191 1843 2210 1858 ι

419 1904 816 1965 suetudinem
860 1914 1192 1986 sequutum
1247 1926 1406 1967 esse.

583 2003 928 2086 Reliquum
972 2013 1067 2065 est
1105 2013 1175 2065 ut
1212 2026 1411 2086 pauca
1461 2005 1666 2066 dicam
1708 2006 1785 2067 de
1827 2013 2143 2087 praestan-

419 2106 509 2168 tia
573 2105 904 2167 versionis.
1013 2104 1317 2165 Omnium
1401 2104 1511 2186 qui
1582 2113 1721 2166 ante
1800 2106 2145 2167 Notkerum

419 2205 612 2267 latine
655 2205 891 2287 scripta
929 2204 1323 2286 in,linguam
1381 2205 1758 2267 theotiscam
1817 2206 2144 2284 verterint,

418 2304 586 2366 hunc
630 2305 793 2393 sicut
834 2305 1111 2385 primum
1155 2305 1244 2364 ita
1280 2307 1886 2386 praestantissimum
1927 2306 2144 2381 fuisse,

417 2396 620 2488 nuper
658 2404 876 2466 multis
920 2403 1218 2486 exemplis
1258 2404 1549 2485 probavit
1592 2404 1794 2464 Maur.
1833 2405 2144 2486 Hauptius

408 2506 488 2565 in
530 2504 846 2566 annalium
901 2503 1259 2565 literaturae
1321 2502 1904 2564 Vindobonensium
1967 2505 2143 2566 volu-

419 2604 589 2665 mine
627 2606 871 2669 LXVII.
959 2605 1222 2665 Nostrae
1283 2602 1646 2686 provinciae
1706 2611 1801 2664 est
1857 2612 1929 2664 ut
1987 2625 2144 2685 quae

418 2702 531 2765 ille
576 2704 653 2764 de
692 2703 1066 2786 fragmentis
1106 2701 1700 2763 Vindobonensibus
1747 2701 2141 2782 judicaverit,

420 2803 700 2867 versioni
737 2804 968 2864 Isidori
1009 2803 1345 2864 Parisiensi
1390 2802 1804 2867 vindicemus.

582 2907 638 2966 A
662 2912 839 2967 textu
869 2902 1063 2965 latino
1105 2902 1349 2963 recedit
1370 2901 1577 2961 versio
1619 2901 1720 2962 his
1760 2901 1957 2962 locis:
2003 2902 2138 2967 Fol.

417 3003 656 3080 xvlll,
700 3024 769 3082 a,
813 3002 923 3064 uhi
966 3000 1193 3063 verba:
1263 3000 1775 3078 „Judaei-dicunt
1800 3045 1818 3078 ,
1861 3002 2139 3063 nondum

421 3122 555 3164 esse
595 3102 719 3163 hoc
761 3110 1009 3184 tempus
1080 3099 1432 3182 expletum,
1489 3099 1861 3188 mentientes
1924 3102 2140 3161 nescio

419 3224 608 3285 quem
638 3205 880 3285 Regem
922 3223 995 3263 ex
1036 3221 1263 3284 genere
1291 3199 1485 3259 Judae
1513 3200 1581 3260 in
1611 3199 1903 3259 extremis
1936 3200 2139 3259 orien-

417 3303 502 3362 tis
542 3301 826 3384 partibus
870 3321 1134 3382 regnum
1174 3300 1458 3374 tenere‚“
1502 3298 1592 3359 sic
1622 3298 1917 3360 translata
1949 3308 2134 3360 sunt:

421 3400 646 3477 „Dhea
684 3401 879 3462 Judea
919 3421 1073 3460 auur
1099 3431 1179 3445 --·
1211 3400 1531 3481 quedhant
1569 3398 1900 3483 leogando,
1948 3398 2137 3460 dhazs

421 3502 550 3562 noh
575 3504 655 3562 ni·
684 3503 763 3564 sii
810 3502 997 3562 dhazs
1024 3501 1195 3562 ziidh
1229 3500 1484 3561 arsullit.
1529 3502 1594 3560 ni
1634 3501 1850 3561 uueizs
1887 3500 1956 3560 ih
1986 3501 2137 3560 eini·
2173 3564 2177 3569 ,

423 3622 544 3680 gan
587 3603 853 3667 chuniuc
897 3605 1042 3664 fona
1079 3601 1326 3665 iudases
1363 3600 1571 3664 edhile
1601 3601 1731 3664 noh
1757 3600 1843 3696 ⁸in
1881 3619 2135 3661 uzsson·
